<?xml version="1.0" encoding="UTF-8"?>
<collection xmlns:xsi="http://www.w3.org/2001/XMLSchema-instance" xsi:schemaLocation="http://www.loc.gov/MARC21/slim http://www.loc.gov/standards/marcxml/schema/MARC21slim.xsd" xmlns="http://www.loc.gov/MARC21/slim">
<record>
  <leader>00790cam a22002411  4500</leader>
  <controlfield tag="001">3166664</controlfield>
  <controlfield tag="003">NNC</controlfield>
  <controlfield tag="005">20150920222930.0</controlfield>
  <controlfield tag="008">020114s1949    ua       b    000 0 ara d</controlfield>
  <datafield tag="035" ind1=" " ind2=" ">
    <subfield code="a">(OCoLC)ocm48775709</subfield>
  </datafield>
  <datafield tag="035" ind1=" " ind2=" ">
    <subfield code="9">AUA7217CU</subfield>
  </datafield>
  <datafield tag="035" ind1=" " ind2=" ">
    <subfield code="a">(NNC)3166664</subfield>
  </datafield>
  <datafield tag="040" ind1=" " ind2=" ">
    <subfield code="a">ZCU</subfield>
    <subfield code="c">ZCU</subfield>
  </datafield>
  <datafield tag="041" ind1="0" ind2=" ">
    <subfield code="a">ara</subfield>
    <subfield code="b">eng</subfield>
  </datafield>
  <datafield tag="099" ind1=" " ind2=" ">
    <subfield code="a">021.2</subfield>
    <subfield code="a">Sh13</subfield>
  </datafield>
  <datafield tag="100" ind1="1" ind2=" ">
    <subfield code="a">Shiḥāta, ʻAbd-al-Salām Muḥammad.</subfield>
  </datafield>
  <datafield tag="245" ind1="1" ind2="3">
    <subfield code="a">al-Maktabah wa-al-mujtamaʻ;</subfield>
    <subfield code="b">al-maktabah alḥadīthah fī al-thaqāfah wa-al-tarbiyah wa-al-baḥth.</subfield>
  </datafield>
  <datafield tag="246" ind1="0" ind2=" ">
    <subfield code="i">Added title in English:</subfield>
    <subfield code="a">Library &amp; Society, by Abd Elsalam Shehata</subfield>
  </datafield>
  <datafield tag="260" ind1=" " ind2=" ">
    <subfield code="a">[Miṣr,</subfield>
    <subfield code="b">Maṭb. al-Muḥīt,]</subfield>
    <subfield code="c">1949</subfield>
  </datafield>
  <datafield tag="300" ind1=" " ind2=" ">
    <subfield code="a">192 p.</subfield>
  </datafield>
  <datafield tag="546" ind1=" " ind2=" ">
    <subfield code="a">Summary of contents in English: last page of vol.</subfield>
  </datafield>
  <datafield tag="504" ind1=" " ind2=" ">
    <subfield code="a">Bibliography: p. 189-190.</subfield>
  </datafield>
  <datafield tag="955" ind1=" " ind2=" ">
    <subfield code="b">CU02171473</subfield>
    <subfield code="d">off,glx</subfield>
    <subfield code="e">021.2 Sh13</subfield>
  </datafield>
</record>
</collection>